<?xml version="1.0" encoding="UTF-8"?>
<!DOCTYPE KMYMONEY-FILE>
<KMYMONEY-FILE>
  <FILEINFO>
    <CREATION_DATE date=""/>
    <LAST_MODIFIED_DATE date="2026-04-10T21:26:08+02:00"/>
    <VERSION id="1"/>
    <FIXVERSION id="11"/>
    <APPVERSION id="5.2.70-9abb037f4"/>
  </FILEINFO>
  <USER name="" email="">
    <ADDRESS street="" city="" state="" zip="" telephone="" country="" county="" zipcode="" postcode=""/>
  </USER>
  <INSTITUTIONS/>
  <PAYEES/>
  <COSTCENTERS/>
  <TAGS>
    <TAG id="G000001" name="tag1" closed="0" tagcolor="#000000"/>
    <TAG id="G000002" name="tag2" closed="0" tagcolor="#000000"/>
  </TAGS>
  <ACCOUNTS>
    <ACCOUNT id="AStd::Asset" parentaccount="" lastreconciled="" lastmodified="" institution="" opened="" number="" type="9" name="Asset" description="" currency="EUR">
      <SUBACCOUNTS>
        <SUBACCOUNT id="A000001"/>
        <SUBACCOUNT id="A000005"/>
      </SUBACCOUNTS>
    </ACCOUNT>
    <ACCOUNT id="AStd::Liability" parentaccount="" lastreconciled="" lastmodified="" institution="" opened="" number="" type="10" name="Liability" description="" currency="EUR">
      <SUBACCOUNTS>
        <SUBACCOUNT id="A000004"/>
        <SUBACCOUNT id="A000008"/>
      </SUBACCOUNTS>
    </ACCOUNT>
    <ACCOUNT id="AStd::Expense" parentaccount="" lastreconciled="" lastmodified="" institution="" opened="" number="" type="13" name="Expense" description="" currency="EUR">
      <SUBACCOUNTS>
        <SUBACCOUNT id="A000002"/>
        <SUBACCOUNT id="A000006"/>
        <SUBACCOUNT id="A000009"/>
      </SUBACCOUNTS>
    </ACCOUNT>
    <ACCOUNT id="AStd::Income" parentaccount="" lastreconciled="" lastmodified="" institution="" opened="" number="" type="12" name="Income" description="" currency="EUR">
      <SUBACCOUNTS>
        <SUBACCOUNT id="A000003"/>
        <SUBACCOUNT id="A000007"/>
      </SUBACCOUNTS>
    </ACCOUNT>
    <ACCOUNT id="AStd::Equity" parentaccount="" lastreconciled="" lastmodified="" institution="" opened="" number="" type="16" name="Equity" description="" currency="EUR">
      <SUBACCOUNTS>
        <SUBACCOUNT id="A000010"/>
        <SUBACCOUNT id="A000011"/>
      </SUBACCOUNTS>
    </ACCOUNT>
    <ACCOUNT id="A000001" parentaccount="AStd::Asset" lastreconciled="" lastmodified="2026-04-10" institution="" opened="2023-01-01" number="" type="1" name="checking (EUR)" description="" currency="EUR">
      <KEYVALUEPAIRS>
        <PAIR key="lastNumberUsed" value="1"/>
      </KEYVALUEPAIRS>
    </ACCOUNT>
    <ACCOUNT id="A000002" parentaccount="AStd::Expense" lastreconciled="" lastmodified="2026-02-22" institution="" opened="1900-01-01" number="" type="13" name="expense (EUR)" description="" currency="EUR"/>
    <ACCOUNT id="A000003" parentaccount="AStd::Income" lastreconciled="" lastmodified="2026-02-22" institution="" opened="1900-01-01" number="" type="12" name="income (EUR)" description="" currency="EUR"/>
    <ACCOUNT id="A000004" parentaccount="AStd::Liability" lastreconciled="" lastmodified="2026-02-23" institution="" opened="2023-01-01" number="" type="10" name="liabilities (EUR)" description="" currency="EUR"/>
    <ACCOUNT id="A000005" parentaccount="AStd::Asset" lastreconciled="" lastmodified="2026-04-10" institution="" opened="2023-01-01" number="" type="1" name="checking (USD)" description="" currency="USD"/>
    <ACCOUNT id="A000006" parentaccount="AStd::Expense" lastreconciled="" lastmodified="2026-02-22" institution="" opened="1900-01-01" number="" type="13" name="expense (USD)" description="" currency="USD"/>
    <ACCOUNT id="A000007" parentaccount="AStd::Income" lastreconciled="" lastmodified="2026-02-22" institution="" opened="1900-01-01" number="" type="12" name="income (USD)" description="" currency="USD"/>
    <ACCOUNT id="A000008" parentaccount="AStd::Liability" lastreconciled="" lastmodified="2026-02-23" institution="" opened="2023-01-01" number="" type="10" name="liabilities (USD)" description="" currency="USD"/>
    <ACCOUNT id="A000009" parentaccount="AStd::Expense" lastreconciled="" lastmodified="" institution="" opened="1900-01-01" number="" type="13" name="test" description="" currency="EUR"/>
    <ACCOUNT id="A000010" parentaccount="AStd::Equity" lastreconciled="" lastmodified="2026-02-23" institution="" opened="2023-01-01" number="" type="16" name="Opening Balances (USD)" description="" currency="USD">
      <KEYVALUEPAIRS>
        <PAIR key="OpeningBalanceAccount" value="yes"/>
      </KEYVALUEPAIRS>
    </ACCOUNT>
    <ACCOUNT id="A000011" parentaccount="AStd::Equity" lastreconciled="" lastmodified="2026-02-23" institution="" opened="2023-01-01" number="" type="16" name="Opening Balances (EUR)" description="" currency="EUR">
      <KEYVALUEPAIRS>
        <PAIR key="OpeningBalanceAccount" value="yes"/>
      </KEYVALUEPAIRS>
    </ACCOUNT>
  </ACCOUNTS>
  <TRANSACTIONS>
    <TRANSACTION id="T000000000000000001" postdate="2024-01-01" memo="" entrydate="2024-09-06" commodity="EUR">
      <SPLITS>
        <SPLIT id="S0001" payee="" reconciledate="" action="" reconcileflag="0" value="-10124/1" shares="-10124/1" price="1/1" memo="" account="A000001" number="" bankid=""/>
        <SPLIT id="S0002" payee="" reconciledate="" action="" reconcileflag="0" value="10124/1" shares="10124/1" price="1/1" memo="" account="A000002" number="" bankid="">
          <TAG id="G000001"/>
        </SPLIT>
      </SPLITS>
    </TRANSACTION>
    <TRANSACTION id="T000000000000000006" postdate="2024-01-04" memo="" entrydate="2026-02-22" commodity="USD">
      <SPLITS>
        <SPLIT id="S0001" payee="" reconciledate="" action="" reconcileflag="0" value="-40124/1" shares="-40124/1" price="1/1" memo="" account="A000005" number="" bankid=""/>
        <SPLIT id="S0002" payee="" reconciledate="" action="" reconcileflag="0" value="40124/1" shares="40124/1" price="1/1" memo="" account="A000006" number="" bankid=""/>
      </SPLITS>
    </TRANSACTION>
    <TRANSACTION id="T000000000000000007" postdate="2024-09-08" memo="" entrydate="2026-04-10" commodity="EUR">
      <SPLITS>
        <SPLIT id="S0001" payee="" reconciledate="" action="" reconcileflag="0" value="-80924/1" shares="-80924/1" price="1/1" memo="from EUR to USD account" account="A000001" number="" bankid=""/>
        <SPLIT id="S0002" payee="" reconciledate="" action="" reconcileflag="0" value="80924/1" shares="4682667/50" price="4046200/4682667" memo="from EUR to USD account" account="A000005" number="" bankid=""/>
      </SPLITS>
    </TRANSACTION>
    <TRANSACTION id="T000000000000000005" postdate="2024-10-14" memo="" entrydate="2025-08-05" commodity="USD">
      <SPLITS>
        <SPLIT id="S0001" payee="" reconciledate="" action="" reconcileflag="0" value="141024/1" shares="3046401/25" price="1175200/1015467" memo="from USD to EUR account" account="A000001" number="" bankid=""/>
        <SPLIT id="S0002" payee="" reconciledate="" action="" reconcileflag="0" value="-141024/1" shares="-141024/1" price="1/1" memo="from USD to EUR account" account="A000005" number="" bankid=""/>
      </SPLITS>
    </TRANSACTION>
  </TRANSACTIONS>
  <KEYVALUEPAIRS>
    <PAIR key="LastModificationDate" value="2026-04-10T21:26:08+02:00"/>
    <PAIR key="kmm-baseCurrency" value="EUR"/>
    <PAIR key="kmm-id" value="{f8f47595-3cac-4ace-8579-b740638b1629}"/>
  </KEYVALUEPAIRS>
  <SCHEDULES/>
  <SECURITIES/>
  <CURRENCIES>
    <CURRENCY id="EUR" name="Euro" symbol="€" type="3" rounding-method="7" saf="100" pp="4" scf="100"/>
    <CURRENCY id="USD" name="US Dollar" symbol="$" type="3" rounding-method="7" saf="100" pp="4" scf="100"/>
  </CURRENCIES>
  <PRICES>
    <PRICEPAIR from="EUR" to="USD">
      <PRICE date="2023-01-01" price="11573/10000" source="User"/>
    </PRICEPAIR>
  </PRICES>
  <REPORTS>
    <REPORT id="R000008" type="querytable 1.15" group="Transactions" name="Transactions by Account (Base unconverted)" comment="Custom Report" convertcurrency="0" favorite="0" skipZero="0" datelock="alldates" rowtype="account" querycolumns="category,memo,account,balance" tax="0" propBudgetDiff="0" investments="0" loans="0" hidetransactions="0" showcolumntotals="1" detail="all" includestransfers="0">
      <ACCOUNTGROUP group="asset"/>
      <ACCOUNTGROUP group="assetloan"/>
      <ACCOUNTGROUP group="cash"/>
      <ACCOUNTGROUP group="checkings"/>
      <ACCOUNTGROUP group="creditcard"/>
      <ACCOUNTGROUP group="expense"/>
      <ACCOUNTGROUP group="income"/>
      <ACCOUNTGROUP group="liability"/>
      <ACCOUNTGROUP group="loan"/>
      <ACCOUNTGROUP group="savings"/>
      <ACCOUNTGROUP group="stock"/>
    </REPORT>
    <REPORT id="R000009" type="querytable 1.15" group="Transactions" name="Transactions by Account (Base converted)" comment="Custom Report" convertcurrency="1" favorite="0" skipZero="0" datelock="alldates" rowtype="account" querycolumns="category,memo,account,balance" tax="0" propBudgetDiff="0" investments="0" loans="0" hidetransactions="0" showcolumntotals="1" detail="all" includestransfers="0">
      <ACCOUNTGROUP group="asset"/>
      <ACCOUNTGROUP group="assetloan"/>
      <ACCOUNTGROUP group="cash"/>
      <ACCOUNTGROUP group="checkings"/>
      <ACCOUNTGROUP group="creditcard"/>
      <ACCOUNTGROUP group="expense"/>
      <ACCOUNTGROUP group="income"/>
      <ACCOUNTGROUP group="liability"/>
      <ACCOUNTGROUP group="loan"/>
      <ACCOUNTGROUP group="savings"/>
      <ACCOUNTGROUP group="stock"/>
    </REPORT>
  </REPORTS>
  <BUDGETS/>
  <ONLINEJOBS/>
</KMYMONEY-FILE>
