<?xml version="1.0" encoding="UTF-8"?>
<!DOCTYPE KMYMONEY-FILE>
<KMYMONEY-FILE>
  <FILEINFO>
    <CREATION_DATE date=""/>
    <LAST_MODIFIED_DATE date="2026-06-06T06:45:24+02:00"/>
    <VERSION id="1"/>
    <FIXVERSION id="11"/>
    <APPVERSION id="5.2.70-5483dd20e"/>
  </FILEINFO>
  <USER name="" email="">
    <ADDRESS street="" city="" state="" zip="" telephone="" country="" county="" zipcode="" postcode=""/>
  </USER>
  <INSTITUTIONS/>
  <PAYEES/>
  <COSTCENTERS/>
  <TAGS/>
  <ACCOUNTS>
    <ACCOUNT id="AStd::Asset" parentaccount="" lastreconciled="" lastmodified="" institution="" opened="" number="" type="9" name="Asset" description="" currency="EUR">
      <SUBACCOUNTS>
        <SUBACCOUNT id="A000006"/>
      </SUBACCOUNTS>
    </ACCOUNT>
    <ACCOUNT id="AStd::Liability" parentaccount="" lastreconciled="" lastmodified="" institution="" opened="" number="" type="10" name="Liability" description="" currency="EUR"/>
    <ACCOUNT id="AStd::Expense" parentaccount="" lastreconciled="" lastmodified="" institution="" opened="" number="" type="13" name="Expense" description="" currency="EUR">
      <SUBACCOUNTS>
        <SUBACCOUNT id="A000002"/>
        <SUBACCOUNT id="A000004"/>
      </SUBACCOUNTS>
    </ACCOUNT>
    <ACCOUNT id="AStd::Income" parentaccount="" lastreconciled="" lastmodified="" institution="" opened="" number="" type="12" name="Income" description="" currency="EUR"/>
    <ACCOUNT id="AStd::Equity" parentaccount="" lastreconciled="" lastmodified="" institution="" opened="" number="" type="16" name="Equity" description="" currency="EUR"/>
    <ACCOUNT id="A000002" parentaccount="AStd::Expense" lastreconciled="" lastmodified="" institution="" opened="1900-01-01" number="" type="13" name="Fixed" description="" currency="EUR">
      <SUBACCOUNTS>
        <SUBACCOUNT id="A000003"/>
      </SUBACCOUNTS>
    </ACCOUNT>
    <ACCOUNT id="A000003" parentaccount="A000002" lastreconciled="" lastmodified="2026-06-06" institution="" opened="1900-01-01" number="" type="13" name="Insurance" description="" currency="EUR"/>
    <ACCOUNT id="A000004" parentaccount="AStd::Expense" lastreconciled="" lastmodified="" institution="" opened="1900-01-01" number="" type="13" name="House" description="" currency="EUR">
      <SUBACCOUNTS>
        <SUBACCOUNT id="A000005"/>
      </SUBACCOUNTS>
    </ACCOUNT>
    <ACCOUNT id="A000005" parentaccount="A000004" lastreconciled="" lastmodified="2026-06-06" institution="" opened="1900-01-01" number="" type="13" name="Alarm Service" description="" currency="EUR"/>
    <ACCOUNT id="A000006" parentaccount="AStd::Asset" lastreconciled="" lastmodified="2026-06-06" institution="" opened="2026-01-01" number="" type="9" name="checking" description="" currency="EUR"/>
  </ACCOUNTS>
  <TRANSACTIONS>
    <TRANSACTION id="T000000000000000001" postdate="2026-01-01" memo="" entrydate="2026-06-06" commodity="EUR">
      <SPLITS>
        <SPLIT id="S0001" payee="" reconciledate="" action="" reconcileflag="0" value="-11/1" shares="-11/1" price="1/1" memo="" account="A000006" number="" bankid=""/>
        <SPLIT id="S0002" payee="" reconciledate="" action="" reconcileflag="0" value="11/1" shares="11/1" price="1/1" memo="" account="A000005" number="" bankid=""/>
      </SPLITS>
    </TRANSACTION>
    <TRANSACTION id="T000000000000000002" postdate="2026-02-02" memo="" entrydate="2026-06-06" commodity="EUR">
      <SPLITS>
        <SPLIT id="S0001" payee="" reconciledate="" action="" reconcileflag="0" value="-22/1" shares="-22/1" price="1/1" memo="" account="A000006" number="" bankid=""/>
        <SPLIT id="S0002" payee="" reconciledate="" action="" reconcileflag="0" value="22/1" shares="22/1" price="1/1" memo="" account="A000003" number="" bankid=""/>
      </SPLITS>
    </TRANSACTION>
  </TRANSACTIONS>
  <KEYVALUEPAIRS>
    <PAIR key="LastModificationDate" value="2026-06-06T06:45:24+02:00"/>
    <PAIR key="kmm-baseCurrency" value="EUR"/>
    <PAIR key="kmm-id" value="{6e5ce436-70db-4068-b704-a3351cab560f}"/>
  </KEYVALUEPAIRS>
  <SCHEDULES/>
  <SECURITIES/>
  <CURRENCIES>
    <CURRENCY id="EUR" name="Euro" symbol="€" type="3" rounding-method="7" saf="100" pp="4" scf="100"/>
  </CURRENCIES>
  <PRICES/>
  <REPORTS>
    <REPORT id="R000009" type="pivottable 1.16" group="Budgeting" name="Yearly Budgeted vs. Actual - yearly ticks" comment="Custom Report" convertcurrency="1" favorite="0" skipZero="0" datelock="alldates" rowtype="budgetactual" includesactuals="1" includesforecast="0" includesprice="0" includesaverageprice="0" mixedtime="0" investments="0" budget="B000002" showrowtotals="1" showcolumntotals="1" detail="all" includesmovingaverage="0" includeschedules="0" includestransfers="0" includeunused="0" columnsaredays="0" charttype="line" chartpalette="application" chartchgridlines="1" chartsvgridlines="1" chartdatalabels="1" chartbydefault="0" logYaxis="0" negexpenses="0" chartlinewidth="2" columntype="years" datalock="automatic" dataRangeStart="1" dataRangeEnd="10" dataMajorTick="1" dataMinorTick="0" yLabelsPrecision="2">
      <ACCOUNTGROUP group="expense"/>
      <ACCOUNTGROUP group="income"/>
    </REPORT>
    <REPORT id="R000010" type="pivottable 1.16" group="Budgeting" name="Yearly Budgeted vs. Actual - bimonthly ticks" comment="Custom Report" convertcurrency="1" favorite="0" skipZero="0" datelock="alldates" rowtype="budgetactual" includesactuals="1" includesforecast="0" includesprice="0" includesaverageprice="0" mixedtime="0" investments="0" budget="B000002" showrowtotals="1" showcolumntotals="1" detail="all" includesmovingaverage="0" includeschedules="0" includestransfers="0" includeunused="0" columnsaredays="0" charttype="line" chartpalette="application" chartchgridlines="1" chartsvgridlines="1" chartdatalabels="1" chartbydefault="0" logYaxis="0" negexpenses="0" chartlinewidth="2" columntype="bimonths" datalock="automatic" dataRangeStart="1" dataRangeEnd="10" dataMajorTick="1" dataMinorTick="0" yLabelsPrecision="2">
      <ACCOUNTGROUP group="expense"/>
      <ACCOUNTGROUP group="income"/>
    </REPORT>
    <REPORT id="R000011" type="pivottable 1.16" group="Budgeting" name="Yearly Budgeted vs. Actual - monthly ticks" comment="Custom Report" convertcurrency="1" favorite="0" skipZero="0" datelock="alldates" rowtype="budgetactual" includesactuals="1" includesforecast="0" includesprice="0" includesaverageprice="0" mixedtime="0" investments="0" budget="B000002" showrowtotals="1" showcolumntotals="1" detail="all" includesmovingaverage="0" includeschedules="0" includestransfers="0" includeunused="0" columnsaredays="0" charttype="line" chartpalette="application" chartchgridlines="1" chartsvgridlines="1" chartdatalabels="1" chartbydefault="0" logYaxis="0" negexpenses="0" chartlinewidth="2" columntype="months" datalock="automatic" dataRangeStart="1" dataRangeEnd="10" dataMajorTick="1" dataMinorTick="0" yLabelsPrecision="2">
      <ACCOUNTGROUP group="expense"/>
      <ACCOUNTGROUP group="income"/>
    </REPORT>
    <REPORT id="R000012" type="pivottable 1.16" group="Budgeting" name="Yearly Budgeted vs. Actual - quarterly ticks" comment="Custom Report" convertcurrency="1" favorite="0" skipZero="0" datelock="alldates" rowtype="budgetactual" includesactuals="1" includesforecast="0" includesprice="0" includesaverageprice="0" mixedtime="0" investments="0" budget="B000002" showrowtotals="1" showcolumntotals="1" detail="all" includesmovingaverage="0" includeschedules="0" includestransfers="0" includeunused="0" columnsaredays="0" charttype="line" chartpalette="application" chartchgridlines="1" chartsvgridlines="1" chartdatalabels="1" chartbydefault="0" logYaxis="0" negexpenses="0" chartlinewidth="2" columntype="quarters" datalock="automatic" dataRangeStart="1" dataRangeEnd="10" dataMajorTick="1" dataMinorTick="0" yLabelsPrecision="2">
      <ACCOUNTGROUP group="expense"/>
      <ACCOUNTGROUP group="income"/>
    </REPORT>
    <REPORT id="R000013" type="pivottable 1.16" group="Budgeting" name="Yearly Budget - monthly ticks" comment="Custom Report" convertcurrency="1" favorite="0" skipZero="0" datelock="alldates" rowtype="budget" includesactuals="0" includesforecast="0" includesprice="0" includesaverageprice="0" mixedtime="0" investments="0" budget="B000002" showrowtotals="1" showcolumntotals="1" detail="all" includesmovingaverage="0" includeschedules="0" includestransfers="0" includeunused="0" columnsaredays="0" charttype="line" chartpalette="application" chartchgridlines="1" chartsvgridlines="1" chartdatalabels="1" chartbydefault="0" logYaxis="0" negexpenses="0" chartlinewidth="2" columntype="months" datalock="automatic" dataRangeStart="1" dataRangeEnd="10" dataMajorTick="1" dataMinorTick="0" yLabelsPrecision="2">
      <ACCOUNTGROUP group="expense"/>
      <ACCOUNTGROUP group="income"/>
      <DATES from="2026-01-01" to="2026-12-31"/>
    </REPORT>
    <REPORT id="R000014" type="pivottable 1.16" group="Budgeting" name="Yearly Budget - yearly ticks" comment="Custom Report" convertcurrency="1" favorite="0" skipZero="0" datelock="alldates" rowtype="budget" includesactuals="0" includesforecast="0" includesprice="0" includesaverageprice="0" mixedtime="0" investments="0" budget="B000002" showrowtotals="1" showcolumntotals="1" detail="all" includesmovingaverage="0" includeschedules="0" includestransfers="0" includeunused="0" columnsaredays="0" charttype="line" chartpalette="application" chartchgridlines="1" chartsvgridlines="1" chartdatalabels="1" chartbydefault="0" logYaxis="0" negexpenses="0" chartlinewidth="2" columntype="years" datalock="automatic" dataRangeStart="1" dataRangeEnd="10" dataMajorTick="1" dataMinorTick="0" yLabelsPrecision="2">
      <ACCOUNTGROUP group="expense"/>
      <ACCOUNTGROUP group="income"/>
    </REPORT>
    <REPORT id="R000015" type="pivottable 1.16" group="Budgeting" name="Yearly Budget - quarterly ticks" comment="Custom Report" convertcurrency="1" favorite="0" skipZero="0" datelock="userdefined" rowtype="budget" includesactuals="0" includesforecast="0" includesprice="0" includesaverageprice="0" mixedtime="0" investments="0" budget="B000002" showrowtotals="1" showcolumntotals="1" detail="all" includesmovingaverage="0" includeschedules="0" includestransfers="0" includeunused="0" columnsaredays="0" charttype="line" chartpalette="application" chartchgridlines="1" chartsvgridlines="1" chartdatalabels="1" chartbydefault="0" logYaxis="0" negexpenses="0" chartlinewidth="2" columntype="quarters" datalock="automatic" dataRangeStart="1" dataRangeEnd="10" dataMajorTick="1" dataMinorTick="0" yLabelsPrecision="2">
      <ACCOUNTGROUP group="expense"/>
      <ACCOUNTGROUP group="income"/>
      <DATES from="2026-01-01" to="2026-12-31"/>
    </REPORT>
    <REPORT id="R000016" type="pivottable 1.16" group="Budgeting" name="Yearly Budget - bimonthly ticks" comment="Custom Report" convertcurrency="1" favorite="0" skipZero="0" datelock="alldates" rowtype="budget" includesactuals="0" includesforecast="0" includesprice="0" includesaverageprice="0" mixedtime="0" investments="0" budget="B000002" showrowtotals="1" showcolumntotals="1" detail="all" includesmovingaverage="0" includeschedules="0" includestransfers="0" includeunused="0" columnsaredays="0" charttype="line" chartpalette="application" chartchgridlines="1" chartsvgridlines="1" chartdatalabels="1" chartbydefault="0" logYaxis="0" negexpenses="0" chartlinewidth="2" columntype="bimonths" datalock="automatic" dataRangeStart="1" dataRangeEnd="10" dataMajorTick="1" dataMinorTick="0" yLabelsPrecision="2">
      <ACCOUNTGROUP group="expense"/>
      <ACCOUNTGROUP group="income"/>
      <DATES from="2026-01-01" to="2026-12-31"/>
    </REPORT>
  </REPORTS>
  <BUDGETS>
    <BUDGET id="B000002" name="constant-yearly" start="2026-01-01" version="2">
      <ACCOUNT id="A000003" budgetlevel="yearly" budgetsubaccounts="0">
        <PERIOD amount="120/1" start="2026-01-01"/>
      </ACCOUNT>
      <ACCOUNT id="A000005" budgetlevel="yearly" budgetsubaccounts="0">
        <PERIOD amount="450/1" start="2026-01-01"/>
      </ACCOUNT>
    </BUDGET>
  </BUDGETS>
  <ONLINEJOBS/>
</KMYMONEY-FILE>
