<?xml version="1.0" encoding="UTF-8"?>
<!DOCTYPE KMYMONEY-FILE>
<KMYMONEY-FILE>
  <FILEINFO>
    <CREATION_DATE date=""/>
    <LAST_MODIFIED_DATE date="2024-11-26T14:31:37+01:00"/>
    <VERSION id="1"/>
    <FIXVERSION date=""/>
    <APPVERSION id="5.1.80-e5b96fa15"/>
  </FILEINFO>
  <USER name="" email="">
    <ADDRESS street="" city="" state="" zip="" telephone="" country="" county="" zipcode="" postcode=""/>
  </USER>
  <INSTITUTIONS/>
  <PAYEES/>
  <COSTCENTERS/>
  <TAGS/>
  <ACCOUNTS>
    <ACCOUNT id="AStd::Asset" parentaccount="" lastreconciled="" lastmodified="" institution="" opened="" number="" type="9" name="Asset" description="" currency="AUD">
      <SUBACCOUNTS>
        <SUBACCOUNT id="A000001"/>
        <SUBACCOUNT id="A000002"/>
      </SUBACCOUNTS>
    </ACCOUNT>
    <ACCOUNT id="AStd::Liability" parentaccount="" lastreconciled="" lastmodified="" institution="" opened="" number="" type="10" name="Liability" description="" currency="AUD"/>
    <ACCOUNT id="AStd::Expense" parentaccount="" lastreconciled="" lastmodified="" institution="" opened="" number="" type="13" name="Expense" description="" currency="AUD">
      <SUBACCOUNTS>
        <SUBACCOUNT id="A000004"/>
      </SUBACCOUNTS>
    </ACCOUNT>
    <ACCOUNT id="AStd::Income" parentaccount="" lastreconciled="" lastmodified="" institution="" opened="" number="" type="12" name="Income" description="" currency="AUD">
      <SUBACCOUNTS>
        <SUBACCOUNT id="A000005"/>
      </SUBACCOUNTS>
    </ACCOUNT>
    <ACCOUNT id="AStd::Equity" parentaccount="" lastreconciled="" lastmodified="" institution="" opened="" number="" type="16" name="Equity" description="" currency="AUD"/>
    <ACCOUNT id="A000001" parentaccount="AStd::Asset" lastreconciled="" lastmodified="" institution="" opened="2022-01-01" number="" type="7" name="Shares" description="" currency="AUD">
      <SUBACCOUNTS>
        <SUBACCOUNT id="A000003"/>
      </SUBACCOUNTS>
    </ACCOUNT>
    <ACCOUNT id="A000002" parentaccount="AStd::Asset" lastreconciled="" lastmodified="2022-04-24" institution="" opened="2022-01-01" number="" type="1" name="Shares (Brokerage)" description="" currency="AUD"/>
    <ACCOUNT id="A000003" parentaccount="A000001" lastreconciled="" lastmodified="2022-04-24" institution="" opened="2022-01-10" number="" type="15" name="BHP" description="" currency="E000001">
      <KEYVALUEPAIRS>
        <PAIR key="priceMode" value="1"/>
      </KEYVALUEPAIRS>
    </ACCOUNT>
    <ACCOUNT id="A000004" parentaccount="AStd::Expense" lastreconciled="" lastmodified="2022-04-24" institution="" opened="1900-01-01" number="" type="13" name="Brokerage" description="" currency="AUD"/>
    <ACCOUNT id="A000005" parentaccount="AStd::Income" lastreconciled="" lastmodified="2022-04-24" institution="" opened="1900-01-01" number="" type="12" name="Dividend" description="" currency="AUD"/>
  </ACCOUNTS>
  <TRANSACTIONS>
    <TRANSACTION id="T000000000000000001" postdate="2022-01-10" memo="" entrydate="2022-04-24" commodity="AUD">
      <SPLITS>
        <SPLIT id="S0001" payee="" reconciledate="" action="" reconcileflag="0" value="-22475/1" shares="-22475/1" price="1/1" memo="" account="A000002" number="" bankid=""/>
        <SPLIT id="S0002" payee="" reconciledate="" action="" reconcileflag="0" value="25/1" shares="25/1" price="1/1" memo="" account="A000004" number="" bankid=""/>
        <SPLIT id="S0003" payee="" reconciledate="" action="Buy" reconcileflag="0" value="22450/1" shares="500/1" price="449/10" memo="" account="A000003" number="" bankid=""/>
      </SPLITS>
    </TRANSACTION>
    <TRANSACTION id="T000000000000000002" postdate="2022-02-10" memo="" entrydate="2022-04-24" commodity="AUD">
      <SPLITS>
        <SPLIT id="S0001" payee="" reconciledate="" action="" reconcileflag="0" value="2715/1" shares="2715/1" price="1/1" memo="" account="A000002" number="" bankid=""/>
        <SPLIT id="S0002" payee="" reconciledate="" action="" reconcileflag="0" value="-2715/1" shares="-2715/1" price="1/1" memo="" account="A000005" number="" bankid=""/>
        <SPLIT id="S0003" payee="" reconciledate="" action="Dividend" reconcileflag="0" value="0/1" shares="0/1" price="1/1" memo="" account="A000003" number="" bankid=""/>
      </SPLITS>
    </TRANSACTION>
    <TRANSACTION id="T000000000000000003" postdate="2022-03-10" memo="" entrydate="2022-04-24" commodity="AUD">
      <SPLITS>
        <SPLIT id="S0001" payee="" reconciledate="" action="" reconcileflag="0" value="1500/1" shares="1500/1" price="1/1" memo="" account="A000002" number="" bankid=""/>
        <SPLIT id="S0002" payee="" reconciledate="" action="" reconcileflag="0" value="-1500/1" shares="-1500/1" price="1/1" memo="" account="A000005" number="" bankid=""/>
        <SPLIT id="S0003" payee="" reconciledate="" action="Dividend" reconcileflag="0" value="0/1" shares="0/1" price="1/1" memo="" account="A000003" number="" bankid=""/>
      </SPLITS>
    </TRANSACTION>
  </TRANSACTIONS>
  <KEYVALUEPAIRS>
    <PAIR key="LastModificationDate" value="2024-11-26T14:31:37+01:00"/>
    <PAIR key="kmm-baseCurrency" value="AUD"/>
    <PAIR key="kmm-id" value="{03147f88-51aa-4582-bde7-1b3a065cefa9}"/>
  </KEYVALUEPAIRS>
  <SCHEDULES/>
  <SECURITIES>
    <SECURITY id="E000001" name="BHP" symbol="BHP.AX" type="0" rounding-method="0" saf="100" pp="4" trading-currency="AUD" trading-market="ASX">
      <KEYVALUEPAIRS>
        <PAIR key="kmm-online-source" value="Yahoo Finance"/>
      </KEYVALUEPAIRS>
    </SECURITY>
  </SECURITIES>
  <CURRENCIES>
    <CURRENCY id="ATS" name="Austrian Schilling" symbol="ÃS" type="3" rounding-method="0" saf="100" pp="4" scf="100"/>
    <CURRENCY id="AUD" name="Australian Dollar" symbol="$" type="3" rounding-method="0" saf="100" pp="4" scf="100"/>
    <CURRENCY id="AZM" name="Azerbaijani Manat" symbol="m." type="3" rounding-method="0" saf="100" pp="4" scf="100"/>
    <CURRENCY id="BEF" name="Belgian Franc" symbol="Fr" type="3" rounding-method="0" saf="100" pp="4" scf="100"/>
    <CURRENCY id="BGL" name="Bulgarian Lev" symbol="BGL" type="3" rounding-method="0" saf="100" pp="4" scf="100"/>
    <CURRENCY id="BGN" name="Bulgarian Lev (new)" symbol="BGN" type="3" rounding-method="0" saf="100" pp="4" scf="100"/>
    <CURRENCY id="BYR" name="Belarusian Ruble (old)" symbol="BYR" type="3" rounding-method="0" saf="100" pp="4" scf="100"/>
    <CURRENCY id="CYP" name="Cypriot Pound" symbol="C£" type="3" rounding-method="0" saf="100" pp="4" scf="100"/>
    <CURRENCY id="DEM" name="German Mark" symbol="DM" type="3" rounding-method="0" saf="100" pp="4" scf="100"/>
    <CURRENCY id="ESP" name="Spanish Peseta" symbol="ESP" type="3" rounding-method="0" saf="100" pp="4" scf="100"/>
    <CURRENCY id="EUR" name="Euro" symbol="€" type="3" rounding-method="0" saf="100" pp="4" scf="100"/>
    <CURRENCY id="FIM" name="Finnish Markka" symbol="FIM" type="3" rounding-method="0" saf="100" pp="4" scf="100"/>
    <CURRENCY id="FRF" name="French Franc" symbol="FF" type="3" rounding-method="0" saf="100" pp="4" scf="100"/>
    <CURRENCY id="GRD" name="Greek Drachma" symbol="₯" type="3" rounding-method="0" saf="100" pp="4" scf="100"/>
    <CURRENCY id="IEP" name="Irish Pound" symbol="£" type="3" rounding-method="0" saf="100" pp="4" scf="100"/>
    <CURRENCY id="ITL" name="Italian Lira" symbol="₤" type="3" rounding-method="0" saf="100" pp="4" scf="100"/>
    <CURRENCY id="LTL" name="Lithuanian Litas" symbol="Lt" type="3" rounding-method="0" saf="100" pp="4" scf="100"/>
    <CURRENCY id="LUF" name="Luxembourg Franc" symbol="Fr" type="3" rounding-method="0" saf="100" pp="4" scf="100"/>
    <CURRENCY id="MTL" name="Maltese Lira" symbol="MTL" type="3" rounding-method="0" saf="100" pp="4" scf="100"/>
    <CURRENCY id="MZM" name="Mozambique Metical" symbol="MT" type="3" rounding-method="0" saf="100" pp="4" scf="100"/>
    <CURRENCY id="NLG" name="Dutch Guilder" symbol="NLG" type="3" rounding-method="0" saf="100" pp="4" scf="100"/>
    <CURRENCY id="PTE" name="Portuguese Escudo" symbol="PTE" type="3" rounding-method="0" saf="100" pp="4" scf="100"/>
    <CURRENCY id="ROL" name="Romanian Leu" symbol="ROL" type="3" rounding-method="0" saf="100" pp="4" scf="100"/>
    <CURRENCY id="RON" name="Romanian Leu (new)" symbol="RON" type="3" rounding-method="0" saf="100" pp="4" scf="100"/>
    <CURRENCY id="RUB" name="Russian Ruble" symbol="RUB" type="3" rounding-method="0" saf="100" pp="4" scf="100"/>
    <CURRENCY id="RUR" name="Russian Ruble (old)" symbol="RUR" type="3" rounding-method="0" saf="100" pp="4" scf="100"/>
    <CURRENCY id="SIT" name="Slovenian Tolar" symbol="SIT" type="3" rounding-method="0" saf="100" pp="4" scf="100"/>
    <CURRENCY id="SKK" name="Slovak Koruna" symbol="SKK" type="3" rounding-method="0" saf="100" pp="4" scf="100"/>
    <CURRENCY id="TRL" name="Turkish Lira (old)" symbol="TL" type="3" rounding-method="0" saf="100" pp="4" scf="100"/>
  </CURRENCIES>
  <PRICES>
    <PRICEPAIR from="ATS" to="EUR">
      <PRICE date="1998-12-31" price="10000/137603" source="KMyMoney"/>
    </PRICEPAIR>
    <PRICEPAIR from="BEF" to="EUR">
      <PRICE date="1998-12-31" price="10000/403399" source="KMyMoney"/>
    </PRICEPAIR>
    <PRICEPAIR from="BGL" to="BGN">
      <PRICE date="1999-07-05" price="1/1000" source="KMyMoney"/>
    </PRICEPAIR>
    <PRICEPAIR from="CYP" to="EUR">
      <PRICE date="2008-01-01" price="292637/500000" source="KMyMoney"/>
    </PRICEPAIR>
    <PRICEPAIR from="DEM" to="EUR">
      <PRICE date="1998-12-31" price="100000/195583" source="KMyMoney"/>
    </PRICEPAIR>
    <PRICEPAIR from="E000001" to="AUD">
      <PRICE date="2022-01-10" price="449/10" source="Transaction"/>
      <PRICE date="2022-04-24" price="4849/100" source="Yahoo Finance"/>
    </PRICEPAIR>
    <PRICEPAIR from="ESP" to="EUR">
      <PRICE date="1998-12-31" price="500/83193" source="KMyMoney"/>
    </PRICEPAIR>
    <PRICEPAIR from="FIM" to="EUR">
      <PRICE date="1998-12-31" price="100000/594573" source="KMyMoney"/>
    </PRICEPAIR>
    <PRICEPAIR from="FRF" to="EUR">
      <PRICE date="1998-12-31" price="100000/655957" source="KMyMoney"/>
    </PRICEPAIR>
    <PRICEPAIR from="GRD" to="EUR">
      <PRICE date="1998-12-31" price="4/1363" source="KMyMoney"/>
    </PRICEPAIR>
    <PRICEPAIR from="IEP" to="EUR">
      <PRICE date="1998-12-31" price="250000/196891" source="KMyMoney"/>
    </PRICEPAIR>
    <PRICEPAIR from="ITL" to="EUR">
      <PRICE date="1998-12-31" price="100/193627" source="KMyMoney"/>
    </PRICEPAIR>
    <PRICEPAIR from="LTL" to="EUR">
      <PRICE date="2015-01-01" price="625/2158" source="KMyMoney"/>
    </PRICEPAIR>
    <PRICEPAIR from="LUF" to="EUR">
      <PRICE date="1998-12-31" price="10000/403399" source="KMyMoney"/>
    </PRICEPAIR>
    <PRICEPAIR from="MTL" to="EUR">
      <PRICE date="2008-01-01" price="4293/10000" source="KMyMoney"/>
    </PRICEPAIR>
    <PRICEPAIR from="NLG" to="EUR">
      <PRICE date="1998-12-31" price="100000/220371" source="KMyMoney"/>
    </PRICEPAIR>
    <PRICEPAIR from="PTE" to="EUR">
      <PRICE date="1998-12-31" price="500/100241" source="KMyMoney"/>
    </PRICEPAIR>
    <PRICEPAIR from="ROL" to="RON">
      <PRICE date="2005-06-30" price="1/10000" source="KMyMoney"/>
    </PRICEPAIR>
    <PRICEPAIR from="RUR" to="RUB">
      <PRICE date="1998-01-01" price="1/1000" source="KMyMoney"/>
    </PRICEPAIR>
    <PRICEPAIR from="SIT" to="EUR">
      <PRICE date="2006-12-31" price="25/5991" source="KMyMoney"/>
    </PRICEPAIR>
    <PRICEPAIR from="SKK" to="EUR">
      <PRICE date="2008-12-31" price="500/15063" source="KMyMoney"/>
    </PRICEPAIR>
  </PRICES>
  <REPORTS>
    <REPORT id="R000001" type="querytable 1.15" group="Investments" name="Investment Performance by Account (Customized)" comment="Custom Report" convertcurrency="1" favorite="0" skipZero="0" datelock="yeartodate" rowtype="topaccount-account" querycolumns="performance" tax="0" propBudgetDiff="0" investments="1" loans="0" hidetransactions="0" showcolumntotals="1" detail="none" includestransfers="0" investmentsum="0"/>
    <REPORT id="R000002" type="querytable 1.15" group="Investments" name="Investment Performance by Account (From Period) - one year" comment="Custom Report" convertcurrency="1" favorite="1" skipZero="0" datelock="userdefined" rowtype="topaccount-account" querycolumns="performance" tax="0" propBudgetDiff="0" investments="1" loans="0" hidetransactions="0" showcolumntotals="1" detail="none" includestransfers="0" investmentsum="0">
      <DATES from="2022-01-10" to="2022-12-31"/>
    </REPORT>
    <REPORT id="R000003" type="querytable 1.15" group="Investments" name="Investment Performance by Account (Only Owned)-one-year" comment="Custom Report" convertcurrency="1" favorite="1" skipZero="0" datelock="userdefined" rowtype="topaccount-account" querycolumns="performance" tax="0" propBudgetDiff="0" investments="1" loans="0" hidetransactions="0" showcolumntotals="1" detail="none" includestransfers="0" investmentsum="0">
      <DATES from="2022-01-10" to="2022-12-31"/>
    </REPORT>
    <REPORT id="R000004" type="querytable 1.15" group="Investments" name="Kopie von Investment Performance by Account (From Period) - until-2024" comment="Custom Report" convertcurrency="1" favorite="1" skipZero="0" datelock="userdefined" rowtype="topaccount-account" querycolumns="performance" tax="0" propBudgetDiff="0" investments="1" loans="0" hidetransactions="0" showcolumntotals="1" detail="none" includestransfers="0" investmentsum="0">
      <DATES from="2022-01-01" to="2024-11-26"/>
    </REPORT>
    <REPORT id="R000005" type="querytable 1.15" group="Investments" name="Investment Performance by Account (Only Owned) - until-2024" comment="Custom Report" convertcurrency="1" favorite="1" skipZero="0" datelock="userdefined" rowtype="topaccount-account" querycolumns="performance" tax="0" propBudgetDiff="0" investments="1" loans="0" hidetransactions="0" showcolumntotals="1" detail="none" includestransfers="0" investmentsum="0">
      <DATES from="2022-01-10" to="2024-11-26"/>
    </REPORT>
  </REPORTS>
  <BUDGETS/>
  <ONLINEJOBS/>
</KMYMONEY-FILE>
